%%%%%%%%%%%%%%%%%%%%%%%%%%%%%%%%%%% Articles %%%%%%%%%%%%%%%%%%%%%%%%%%%%%%%%%%%

@article{impacttraffic,
  author 	=   {J. Navaridas and L. A. Plana and J. Miguel-Alonso and M. Lujan and S. Furber},
  title 	=   "SpiNNaker:
impact of traffic locality, causality and burstiness on the performance of
the interconnection network",
  journal 	=   "Proceedings of the 7th ACM International
Conference on Computing Frontiers, CF10",
  year 		=   2010,
  pages 	=  {1--2}
}

@article{scalablecomm,
  author 	=  {C. Patterson and J. Garside and E. Painkras and S. Temple and L. Plana and J. Navaridas,
T. Sharp, S. Furber},
  title 	=  "Scalable communications for a million-core neural processing architecture",
  journal 	=  "J. Parallel Distrib. Computing, vol 72",
  year 		=  2012,
  number 	=  11,
  month 	=  "January",
  pages 	=  {6--10}
}

@article{overviewspinn,
  author 	=  {S. Furber and D. Lester and L. Plana and J. Garside and E. Painkras and S. Temple and A. Brown},
  title 	=  "Overview of the SpiNNaker System Architecture",
  journal 	=  "IEEE Trans. Comput. vol. PP",
  year 		=  2012,
  number 	=  99,
  pages  	=  {1,7--9}
}

@article{painkras,
  author 	=  {E. Painkras and L. Plana and J. Garside and S. Temple and F. Galluppi and C. Patterson and D. Lester and A. Brown and S. Furber},
  title 	=  "SpiNNaker: A 1-W 18-Core System-on-Chip for Massively-Parallel Neural Network Simulation",
  journal 	=  "IEEE Journal of solid-state circuits, vol. 48",
  year 		=  2013,
  number 	=  8,
  month 	=  "August",
  pages 	=  {1--4,8,9}
}

@article{nosqlsurvey,
  title={Survey on NoSQL database},
  author={Han, Jing and Haihong, E and Le, Guan and Du, Jian},
  booktitle={Pervasive computing and applications (ICPCA), 2011 6th international conference on},
  pages={363--366},
  year={2011},
  organization={IEEE}
}

@article{gals,
  title={A GALS infrastructure for a massively parallel multiprocessor},
  author={L. Plana and S. Furber and S. Temple and M. Khan and Y. Shi and J. Wu and S. Yang},
  journal={Design \& Test of Computers, IEEE},
  volume={24},
  number={5},
  pages={454--456},
  year={2007},
  publisher={IEEE}
}

@article{multicastpaper,
  title={A multicast routing scheme for a universal spiking neural network architecture},
  author={J. Wu and S. Furber},
  journal={The Computer Journal},
  volume={53},
  number={3},
  pages={280--288},
  year={2010},
  publisher={Br Computer Soc}
}

@article{multicoresystem,
  title={Spinnaker: A multi-core system-on-chip for massively-parallel neural net simulation},
  author={E. Painkras and L. Plana and J. Garside and S. Temple and S. Davidson and J. Pepper and D. Clark and C. Patterson and S. Furber},
  booktitle={Custom Integrated Circuits Conference (CICC), 2012 IEEE},
  pages={1--4},
  year={2012},
  organization={IEEE}
}

%%%%%%%%%%%%%%%%%%%%%%%%%%%%%%%%%%% Manuals %%%%%%%%%%%%%%%%%%%%%%%%%%%%%%%%%%%

@manual{arm9manual,
  title        = {ARM968E-S Tech. Ref. Manual},
  author       = {}, 
  organization = {ARM DDI 0311C},
  month        = "January",
  year         = 2004,
  pages		   = {18}
}

@manual{datasheet,
  title        = {SpiNNaker Datasheet - Version 2.02},
  author       = {Steve Furber}, 
  organization = {University of Manchester},
  month        = "January",
  year         = 2011
}

@manual{sark,
  title        = {SARK - SpiNNaker Application Runtime Kernel - Version 1.30},
  author       = {Steve Temple}, 
  organization = {University of Manchester},
  month        = "April",
  year         = 2013
}

@manual{api,
  title        = {SpiNNaker Application Programming Interface (API) - Version 1.3},
  author       = {Steve Temple}, 
  organization = {University of Manchester},
  month        = "April",
  year         = 2014
}

@manual{sdp,
  title        = {AppNote 4 - SpiNNaker Datagram Protocol (SDP) Specification - Version 1.01},
  author       = {Steve Temple}, 
  organization = {SpiNNaker Group, School of Computer Science, University of Manchester},
  month        = "November",
  year         = 2011
}

@manual{ybug,
  title        = {ybug - System Control Tool for SpiNNaker - Version 1.30},
  author       = {Steve Temple}, 
  organization = {SpiNNaker Group, School of Computer Science, University of Manchester},
  day		   = 2,
  month        = "April",
  year         = 2014
}

%%%%%%%%%%%%%%%%%%%%%%%%%%%%%%%%%%%% URLs %%%%%%%%%%%%%%%%%%%%%%%%%%%%%%%%%%%%

@misc{dbmsdef,
  title 		= {The Free On-line Dictionary of Computing},
  howpublished 	= {\textit{http://www.dictionary.com/browse/database-management-system}},
  note 			= {Accessed: 28-03-2016}
}

@misc{spinnchip,
  title 		= {The SpiNNaker Chip},
  howpublished 	= {\textit{http://apt.cs.manchester.ac.uk/projects/SpiNNaker/SpiNNchip/}},
  note 			= {Accessed: 01-04-2016}
}

@misc{spinnproject,
  title 		= {SpiNNaker Project},
  howpublished 	= {\textit{http://apt.cs.manchester.ac.uk/projects/SpiNNaker/project/}},
  note 			= {Accessed: 01-04-2016}
}

@misc{arm968,
  title 		= {ARM968 Processor},
  howpublished 	= {\textit{https://www.arm.com/products/processors/classic/arm9/arm968.php}},
  note 			= {Accessed: 01-04-2016}
}

@misc{redis,
  title 		= {Redis},
  howpublished 	= {\textit{http://redis.io/}},
  note 			= {Accessed: 21-04-2016}
}

@misc{memcached,
  title 		= {Memcached},
  howpublished 	= {\textit{https://memcached.org}},
  note 			= {Accessed: 21-04-2016}
}
